@inproceedings{parker,
  title={{G}radient boosting for sequence alignment},
  author={Parker, Charles and Fern, Alan and Tadepalli, Prasad},
  booktitle={PROCEEDINGS OF THE NATIONAL CONFERENCE ON ARTIFICIAL INTELLIGENCE},
  volume={21},
  number={1},
  pages={452},
  year={2006},
  organization={Menlo Park, CA; Cambridge, MA; London; AAAI Press; MIT Press; 1999}
}

%this is the fucking CART one you lazy dick
@inproceedings{shin,
  title={{S}peech/non-speech classification using multiple features for robust endpoint detection},
  author={Shin, Won-Ho and Lee, Byoung-Soo and Lee, Yun-Keun and Lee, Jong-Seok},
  booktitle={Acoustics, Speech, and Signal Processing, 2000. ICASSP'00. Proceedings. 2000 IEEE International Conference on},
  volume={3},
  pages={1399--1402},
  year={2000},
  organization={IEEE}
}

@article{DeCarlo,
  title={{O}n the meaning and use of kurtosis},
  author={DeCarlo, Lawrence T},
  journal={Psychological Methods},
  volume={2},
  number={3},
  pages={292--307},
  year={1997}
}

@article{childers,
  title={{T}he cepstrum: {A} guide to processing},
  author={Childers, Donald G and Skinner, David P and Kemerait, Robert C},
  journal={Proceedings of the IEEE},
  volume={65},
  number={10},
  pages={1428--1443},
  year={1977},
  publisher={IEEE}
}

@article{fawcett,
  title={{A}n introduction to {R}{O}{C} analysis},
  author={Fawcett, Tom},
  journal={Pattern recognition letters},
  volume={27},
  number={8},
  pages={861--874},
  year={2006},
  publisher={Elsevier}
}

@article{gokhun,
  title={{V}oice activity detection in nonstationary noise},
  author={Tanyer, S Gokhun and Ozer, Hamza},
  journal={Speech and Audio Processing, IEEE Transactions on},
  volume={8},
  number={4},
  pages={478--482},
  year={2000},
  publisher={IEEE}
}

@inproceedings{haigh,
  title={{R}obust voice activity detection using cepstral features},
  author={Haigh, JA and Mason, JS},
  booktitle={TENCON'93. Proceedings. Computer, Communication, Control and Power Engineering. 1993 IEEE Region 10 Conference on},
  pages={321--324},
  year={1993},
  organization={IEEE}
}

@inproceedings{prasad,
  title={{C}omparison of voice activity detection algorithms for {V}o{I}{P}},
  author={Venkatesha Prasad, R and Sangwan, Abhijeet and Jamadagni, HS and Chiranth, MC and Sah, Rahul and Gaurav, VISHAL},
  booktitle={Computers and Communications, 2002. Proceedings. ISCC 2002. Seventh International Symposium on},
  pages={530--535},
  year={2002},
  organization={IEEE}
}

@article{Tuske,
  title={{R}obust voice activity detection based on the entropy of noise-suppressed spectrum},
  author={T{\"u}ske, Zolt{\'a}n and Mihajlik, P{\'e}ter and Tobler, Zolt{\'a}n and Fegy{\'o}, Tibor},
  journal={Entropy},
  volume={3},
  number={4.1},
  pages={4--4},
  year={2005}
}

@article{Ramirez,
  title={{V}oice activity detection. fundamentals and speech recognition system robustness},
  author={Ramirez, Javier and G{\'o}rriz, Juan Manuel and Segura, Jos{\'e} Carlos},
  journal={Robust Speech Recognition and Understanding},
  pages={1--22},
  year={2007},
  publisher={Vienna, Austria}
}

@article{ramirez-2,
  title={{A} new {K}ullback-{L}eibler {V}{A}{D} for speech recognition in noise},
  author={Ram{\'\i}rez, Javier and Segura, Jos{\'e} C and Ben{\'\i}tez, Carmen and de la Torre, {\'A}ngel and Rubio, Antonio J},
  journal={Signal Processing Letters, IEEE},
  volume={11},
  number={2},
  pages={266--269},
  year={2004},
  publisher={IEEE}
}

@article {itut,
    author="ITU",
    title="{A} silence compression scheme for {G}.729, optimized for terminals conforming to recommendation {V}.70",
    year="1996"
}

@inproceedings{Weinberger,
  title={{F}eature hashing for large scale multitask learning},
  author={Weinberger, Kilian and Dasgupta, Anirban and Langford, John and Smola, Alex and Attenberg, Josh},
  booktitle={Proceedings of the 26th Annual International Conference on Machine Learning},
  pages={1113--1120},
  year={2009},
  organization={ACM}
}

@article{sakhnov,
  title={{A}pproach for {E}nergy-{B}ased {V}oice {D}etector with {A}daptive {S}caling {F}actor},
  author={Sakhnov, Kirill and Verteletskaya, Ekaterina and Simak, Boris},
  journal={IAENG Internat. J. Comput. Sci},
  volume={36},
  number={4},
  year={2009}
}

@article{shah,
  title={{D}igital {S}peech {I}nterpolation {A}dvantage of {S}tatistical {T}ime {D}ivision {M}ultiplexer},
  author={Shah, Asadullah and Khatri, Krishan Lal}
}

@article {5016247,
    author = "Israel Cidon and Inder S. Gopal",
    title = {{U}{S} {P}atent {N}o. 5016247: {M}{U}{L}{T}{I}{H}{O}{P} {T}{I}{M}{E} {A}{S}{S}{I}{G}{N}{E}{D} {S}{P}{E}{E}{C}{H} {I}{N}{T}{E}{R}{P}{O}{L}{A}{T}{I}{O}{N} ({T}{A}{S}{I}) {S}{Y}{S}{T}{E}{M} {F}{O}{R} {T}{E}{L}{E}{C}{O}{M}{M}{U}{N}{I}{C}{A}{T}{I}{O}{N} {N}{E}{T}{W}{O}{R}{K}{S}},
    year = {1991},
}

@article {ciscovad,
    author = "Manoj Bhatia and
              Jonathan Davidson and
              Satish Kalidindi and
              Sudipto Mukherjee
              and James Peters",
    title = {VoIP: An In-Depth Analysis},
    year = {2006}
}

@phdthesis{moreno,
  title={{S}peech recognition in noisy environments},
  author={Moreno, Pedro J},
  year={1996},
  school={Carnegie Mellon University}
}

@article{sohn,
  title={{A} statistical model-based voice activity detection},
  author={Sohn, Jongseo and Kim, Nam Soo and Sung, Wonyong},
  journal={Signal Processing Letters, IEEE},
  volume={6},
  number={1},
  pages={1--3},
  year={1999},
  publisher={IEEE}
}
@article{sohn2,
  title={{A} voice activity detector employing soft decision based noise spectrum adaptation},
  author={Sohn, Jongseo and Sung, Wonyong},
  booktitle={Acoustics, Speech and Signal Processing, 1998. Proceedings of the 1998 IEEE International Conference on},
  volume={1},
  pages={365--368},
  year={1998},
  organization={IEEE}
}

@article{Traunm√ºller,
  title={{T}he frequency range of the voice fundamental in the speech of male and female adults},
  author={Traunm{\"u}ller, Hartmut and Eriksson, Anders},
  year={1993}
}

@article{atal,
  title={{A} pattern recognition approach to voiced-unvoiced-silence classification with applications to speech recognition},
  author={Atal, B and Rabiner, L},
  journal={Acoustics, Speech and Signal Processing, IEEE Transactions on},
  volume={24},
  number={3},
  pages={201--212},
  year={1976},
  publisher={IEEE}
}

@article {muda,
  title={{V}oice recognition algorithms using mel frequency cepstral coefficient (mfcc) and dynamic time warping (dtw) techniques},
  author={Muda, Lindasalwa and Begam, Mumtaj and Elamvazuthi, I},
  journal={arXiv preprint arXiv:1003.4083},
  year={2010}
}

@article{gorriz,
  title={{E}ffective speech/pause discrimination using an integrated bispectrum likelihood ratio test},
  author={G{\'o}rriz, JM and Ram{\'\i}rez, J and Segura, J-C and Puntonet, CG and Garc{\'\i}a, L},
  booktitle={Acoustics, Speech and Signal Processing, 2006. ICASSP 2006 Proceedings. 2006 IEEE International Conference on},
  volume={1},
  pages={I--I},
  year={2006},
  organization={IEEE}
}

@article{moattar,
  title={{A} {S}imple but efficient real-time voice activity detection algorithm},
  author={Moattar, MH and Homayounpour, MM},
  journal={EUSIPCO. EURASIP},
  pages={2549--2553},
  year={2009},
  publisher={Citeseer}
}

@article{viola,
  title={{R}obust real-time face detection},
  author={Viola, Paul and Jones, Michael J},
  journal={International journal of computer vision},
  volume={57},
  number={2},
  pages={137--154},
  year={2004},
  publisher={Springer}
}

@article{breiman,
  title={{R}andom forests},
  author={Breiman, Leo},
  journal={Machine learning},
  volume={45},
  number={1},
  pages={5--32},
  year={2001},
  publisher={Springer}
}

@inproceedings {gouyon,
  title={{O}n the use of zero-crossing rate for an application of classification of percussive sounds},
  author={Gouyon, Fabien and Pachet, Fran{\c{c}}ois and Delerue, Olivier},
  booktitle={Proceedings of the COST G-6 conference on Digital Audio Effects (DAFX-00), Verona, Italy},
  year={2000},
  organization={Citeseer}
}

@misc {aurora,
    title={{A}urora speech recognition experimental framework},
    howpublished="\url{http://aurora.hsnr.de/index.html}"
}

@misc {mumble,
    title={{M}umble voice over {I}{P} software},
    howpublished="\url{http://mumble.sourceforge.net/}",
}

@misc {skype,
    title={{S}kype voice over {I}{P} software},
    howpublished="\url{http://skype.com/}",
}
@misc {celt,
    title={{T}he {C}{E}{L}{T} voice over {I}{P} codec},
    howpublished="\url{http://celt-codec.org/}",
}

@misc {siri,
    title={i{O}{S} - {S}iri},
    howpublished="\url{https://www.apple.com/ios/siri/}"
}

@misc {rabiner,
    title = {{L}inear {P}{R}edictive {C}oding {I}ntroduction},
    author = {Rabiner, Larry},
    howpublished="\url{http://www.ece.ucsb.edu/Faculty/Rabiner/ece259/digital%20speech%20processing%20course/lectures_new/Lecture%2013_winter_2012_6tp.pdf}"
}
@misc {buckeye,
    title={{T}he {B}uckeye {S}peech {C}orpus},
    howpublished="\url{http://www.buckeyecorpus.osu.edu/}"
}

@misc {audacity,
    title = {{A}udacity audio editing software},
    howpublished="\url{http://audacity.sourceforge.net/}"
}

@misc {sqlite,
    title = {{S}{Q}{L}ite database software},
    howpublished="\url{http://www.sqlite.org/}"
}

@misc{sklearn,
    title = {scikit-learn python framework},
    howpublished="\url{http://scikit-learn.org/stable/}"
}

@misc{python,
    title = {{T}he {P}ython programming language},
    howpublished="\url{http://www.python.org/}"
}

@misc{pypy,
    title = {{T}he {P}{Y}{P}{Y} python implementation},
    howpublished="\url{http://pypy.org/}"
}

@misc{psd,
    title = {{P}ower {S}pectrum},
    howpublished="\url{http://crossgroup.caltech.edu/Chaos_Course/Lesson6/Power.pdf}"
}

@misc{psd2,
    title={{P}ower {S}pectrum},
    author={Yadegari, Shahrokh},
    year=2001,
    howpublished="\url{http://crca.ucsd.edu/~syadegar/MasterThesis/node41.html}",
}

@inproceedings{Bramer:2002:PCT:646288.686755,
 author = {Bramer, Max},
 title = {{P}re-pruning {C}lassification {T}rees to {R}educe {O}verfitting in {N}oisy {D}omains},
 booktitle = {Proceedings of the Third International Conference on Intelligent Data Engineering and Automated Learning},
 series = {IDEAL '02},
 year = {2002},
 isbn = {3-540-44025-9},
 pages = {7--12},
 numpages = {6},
 url = {http://dl.acm.org/citation.cfm?id=646288.686755},
 acmid = {686755},
 publisher = {Springer-Verlag},
 address = {London, UK, UK},
}

@article{sun2006reducing,
  title={{R}educing the overfitting of {A}da{B}oost by controlling its data distribution skewness},
  author={Sun, Yijun and Todorovic, Sinisa and Li, Jian},
  journal={International Journal of Pattern Recognition and Artificial Intelligence},
  volume={20},
  number={07},
  pages={1093--1116},
  year={2006},
  publisher={World Scientific}
}
